
@misc{dafny:1,
    author       = {Software Testing Quality Assurance and Maintenance},
    title        = {dafny},
    howpublished = {Github},
    year         = {2018},
    note         = {\url{https://github.com/stqam/dafny}, data accesării: 02-01-2023},
}


@inproceedings{leino2010dafny,
  title={Dafny: An automatic program verifier for functional correctness},
  author={Leino, K Rustan M},
  booktitle={Logic for Programming, Artificial Intelligence, and Reasoning: 16th International Conference, LPAR-16, Dakar, Senegal, April 25--May 1, 2010, Revised Selected Papers 16},
  pages={348--370},
  year={2010},
  organization={Springer}
}
@misc{elisa:1,
    author       = {Chicos Elisa},
    title        = {Implementarea unui algoritm de tip Greedy în Dafny ce rezolvă Problema Bancnotelor},
    howpublished = {Github},
    year         = {2022},
    note         = {\url{https://github.com/ElisaChicos/Licenta}, data accesării: 05-12-2022},
}

@misc{jared:1,
    author       = {Jared Nielsen},
    title        = {How to Sum Consecutive Powers of 2},
    year         = {2020},
    note         = {\url{https://jarednielsen.com/sum-consecutive-powers-2/}, data accesării: 23-12-2022},
}

@inproceedings{kozen1993optimal,
  title={Optimal bounds for the change-making problem},
  author={Kozen, Dexter and Zaks, Shmuel},
  booktitle={Automata, Languages and Programming: 20th International Colloquium, ICALP 93 Lund, Sweden, July 5--9, 1993 Proceedings 20},
  pages={150--161},
  year={1993},
  organization={Springer}
}